<record xmlns="http://www.loc.gov/MARC21/slim" xmlns:xsi="http://www.w3.org/2001/XMLSchema-instance" xsi:schemaLocation="http://www.loc.gov/MARC21/slim http://www.loc.gov/standards/marcxml/schema/MARC21slim.xsd"><leader>     nam a22        4500</leader><controlfield tag="001">4199802</controlfield><controlfield tag="003">NNC</controlfield><controlfield tag="006">m        d        </controlfield><controlfield tag="007">cr cn |||m|||a</controlfield><controlfield tag="008">150316s1966    ir      ob    000 0 arar </controlfield><datafield ind1=" " ind2=" " tag="040"><subfield code="a">NNU</subfield><subfield code="b">eng</subfield><subfield code="e">rda</subfield><subfield code="c">NNU</subfield></datafield><datafield ind1=" " ind2=" " tag="043"><subfield code="a">ma-----</subfield></datafield><datafield ind1=" " ind2="0" tag="050"><subfield code="a">PJ819.I55</subfield><subfield code="b">I7</subfield></datafield><datafield ind1="0" ind2=" " tag="100"><subfield code="6">880-01</subfield><subfield code="a">Isma&#772;'i&#772;l ibn 'Abd al-Rasu&#772;l,</subfield><subfield code="d">-1769 or 70.</subfield></datafield><datafield ind1="1" ind2="0" tag="245"><subfield code="6">880-02</subfield><subfield code="a">Fahrasat al-kutub wa-al-rasa&#772;&#700;il wa-li-man hiya min al-&#699;ulama&#772;&#700; wa-al-a&#700;immah wa-al-h&#803;udu&#772;d al-afa&#772;d&#803;il,</subfield><subfield code="c">lil-Majdu&#772;&#699; Isma&#772;&#699;i&#772;l ibn &#699;Abd al-Rasu&#772;l al-Ujjayi&#772; H&#803;aqqaqahu wa-&#699;allaqa &#699;alayhi wa-qaddama lahu &#699;Ali&#772;naqi&#772; Munzavi&#772;.</subfield></datafield><datafield ind1="3" ind2=" " tag="246"><subfield code="a">Fihrist al-Majdu&#772;&#699;</subfield></datafield><datafield ind1="3" ind2=" " tag="246"><subfield code="a">Majmu&#772;&#699;fi&#772; fihrist al-kutub</subfield></datafield><datafield ind1=" " ind2=" " tag="260"><subfield code="a">Tihra&#772;n,</subfield><subfield code="b">Cha&#772;p&#697;kha&#772;nah-&#700;i Da&#772;nishga&#772;h,</subfield><subfield code="c">1966.</subfield></datafield><datafield ind1=" " ind2=" " tag="300"><subfield code="a">online resource (419 pages)</subfield></datafield><datafield ind1=" " ind2=" " tag="336"><subfield code="a">text</subfield><subfield code="2">rdacontent</subfield></datafield><datafield ind1=" " ind2=" " tag="337"><subfield code="a">computer</subfield><subfield code="2">rdamedia</subfield></datafield><datafield ind1=" " ind2=" " tag="338"><subfield code="a">online resource</subfield><subfield code="2">rdacarrier</subfield></datafield><datafield ind1="1" ind2=" " tag="490"><subfield code="a">Manshu&#772;ra&#772;t Maktabat al-Asadi&#772; bi-T&#803;ihra&#772;n ;</subfield><subfield code="v">raqm 9</subfield></datafield><datafield ind1=" " ind2=" " tag="500"><subfield code="a">Added t.p.: Fihrist al-Majdu&#699;, by Isma&#700;il b. Abd ar-Rasul al-Ujjaini al-mulaqqab al-Majdu&#699;.</subfield></datafield><datafield ind1=" " ind2=" " tag="500"><subfield code="a">Also known under title al-Majmu&#772;&#699; fi&#772; fihrist al-kutub.</subfield></datafield><datafield ind1=" " ind2=" " tag="500"><subfield code="a">Part of the Arabic Collections Online (ACO) project, contributed by Columbia University Libraries.</subfield></datafield><datafield ind1=" " ind2=" " tag="504"><subfield code="a">Includes bibliographical references.</subfield></datafield><datafield ind1=" " ind2=" " tag="533"><subfield code="a">Electronic reproduction.</subfield><subfield code="b">New York, N.Y. :</subfield><subfield code="c">New York University,</subfield><subfield code="d">2015.</subfield><subfield code="5">NNU</subfield></datafield><datafield ind1=" " ind2="0" tag="650"><subfield code="a">Ismaili literature</subfield><subfield code="x">History and criticism.</subfield></datafield><datafield ind1=" " ind2="0" tag="650"><subfield code="a">Ismaili literature</subfield><subfield code="v">Bibliography.</subfield></datafield><datafield ind1=" " ind2="7" tag="650"><subfield code="a">Ismaili literature.</subfield><subfield code="2">fast</subfield><subfield code="0">(OCoLC)fst00980130</subfield></datafield><datafield ind1=" " ind2="7" tag="655"><subfield code="a">Bibliography.</subfield><subfield code="2">fast</subfield><subfield code="0">(OCoLC)fst01423717</subfield></datafield><datafield ind1=" " ind2="7" tag="655"><subfield code="a">Criticism, interpretation, etc.</subfield><subfield code="2">fast</subfield><subfield code="0">(OCoLC)fst01411635</subfield></datafield><datafield ind1="1" ind2=" " tag="700"><subfield code="6">880-04</subfield><subfield code="a">Munzavi&#772;, &#699;Ali&#772; Naqi&#772;,</subfield><subfield code="e">editor.</subfield></datafield><datafield ind1="2" ind2=" " tag="710"><subfield code="a">Columbia University.</subfield><subfield code="b">Libraries.</subfield></datafield><datafield ind1="0" ind2=" " tag="730"><subfield code="a">Arabic Collections Online.</subfield></datafield><datafield ind1="0" ind2="8" tag="776"><subfield code="i">Online version:</subfield><subfield code="a">Isma&#772;'i&#772;l ibn 'Abd al-Rasu&#772;l, -1769 or 70.</subfield><subfield code="t">Fahrasat al-kutub wa-al-rasa&#772;&#700;il wa-li-man hiya min al-&#699;ulama&#772;&#700; wa-al-a&#700;immah wa-al-h&#803;udu&#772;d al-afa&#772;d&#803;il.</subfield><subfield code="d">Tihra&#772;n, Cha&#772;p&#697;kha&#772;nah-&#700;i Da&#772;nishga&#772;h, 1966</subfield><subfield code="w">(OCoLC)568764748</subfield></datafield><datafield ind1="0" ind2="8" tag="776"><subfield code="i">Print version:</subfield><subfield code="a">Isma&#772;'i&#772;l ibn 'Abd al-Rasu&#772;l, -1769 or 70.</subfield><subfield code="t">Fahrasat al-kutub wa-al-rasa&#772;&#700;il wa-li-man hiya min al-&#699;ulama&#772;&#700; wa-al-a&#700;immah wa-al-h&#803;udu&#772;d al-afa&#772;d&#803;il</subfield><subfield code="w">(NNC)4199802</subfield><subfield code="w">(DLC)ne 68002489 </subfield><subfield code="w">(OCoLC)22609166</subfield></datafield><datafield ind1=" " ind2="0" tag="830"><subfield code="a">Manshu&#772;ra&#772;t Maktabat al-Asadi&#772; bi-T&#803;ihra&#772;n ;</subfield><subfield code="v">raqm 9.</subfield></datafield><datafield ind1="4" ind2="0" tag="856"><subfield code="u">http://hdl.handle.net/2333.1/5hqbzns2</subfield></datafield><datafield ind1="1" ind2=" " tag="880"><subfield code="6">100-01/r</subfield><subfield code="a">&#1573;&#1587;&#1605;&#1575;&#1593;&#1610;&#1604; &#1576;&#1606; &#1593;&#1576;&#1583; &#1575;&#1604;&#1585;&#1587;&#1608;&#1604;.</subfield></datafield><datafield ind1="1" ind2="0" tag="880"><subfield code="6">245-02/r</subfield><subfield code="a">&#1601;&#1607;&#1585;&#1587;&#1577; &#1575;&#1604;&#1705;&#1578;&#1576; &#1608;&#1575;&#1604;&#1585;&#1587;&#1575;&#1574;&#1604; &#1608;&#1604;&#1605;&#1606; &#1607;&#1610; &#1605;&#1606; &#1575;&#1604;&#1593;&#1604;&#1605;&#1575;&#1569; &#1608;&#1575;&#1604;&#1571;&#1574;&#1605;&#1577; &#1608;&#1575;&#1604;&#1581;&#1583;&#1608;&#1583; &#1575;&#1604;&#1571;&#1601;&#1575;&#1590;&#1604;&#1548;</subfield><subfield code="c">&#1604;&#1604;&#1605;&#1580;&#1583;&#1608;&#1593; &#1573;&#1587;&#1605;&#1575;&#1593;&#1610;&#1604; &#1576;&#1606; &#1593;&#1576;&#1583; &#1575;&#1604;&#1585;&#1587;&#1608;&#1604; &#1575;&#1604;&#1575;&#1580;&#1610;&#1606;&#1609;&#1548; &#1581;&#1602;&#1602;&#1607; &#1608;&#1593;&#1604;&#1602; &#1593;&#1604;&#1610;&#1607; &#1608;&#1602;&#1583;&#1605; &#1604;&#1607; &#1593;&#1604;&#1610;&#1606;&#1602;&#1610; &#1605;&#1606;&#1586;&#1608;&#1610;.</subfield></datafield><datafield ind1=" " ind2=" " tag="880"><subfield code="6">260-00/r</subfield><subfield code="a">&#1591;&#1607;&#1585;&#1575;&#1606;&#1548;&#1580;&#1575;&#1576;&#1582;&#1575;&#1606;&#1607; &#1583;&#1575;&#1606;&#1603;&#1588;&#1575;&#1607;&#1548;</subfield><subfield code="c">&#1633;&#1635;&#1636;&#1636; &#1588; [&#1633;&#1641;&#1638;&#1638;&#1605;]</subfield></datafield><datafield ind1="1" ind2=" " tag="880"><subfield code="6">490-00/r</subfield><subfield code="a">&#1605;&#1606;&#1588;&#1608;&#1585;&#1575;&#1578; &#1605;&#1705;&#1578;&#1576;&#1577; &#1575;&#1604;&#1571;&#1587;&#1583;&#1610; &#1576;&#1591;&#1607;&#1585;&#1575;&#1606; &#1563;</subfield><subfield code="v">9</subfield></datafield><datafield ind1="1" ind2=" " tag="880"><subfield code="6">700-04/r</subfield><subfield code="a">&#1605;&#1606;&#1586;&#1608;&#1609;&#1548; &#1593;&#1604;&#1609; &#1606;&#1602;&#1609;.</subfield></datafield><datafield ind1="0" ind2=" " tag="880"><subfield code="6">740-00/r</subfield><subfield code="a">&#1601;&#1607;&#1585;&#1587;&#1577; &#1575;&#1604;&#1605;&#1580;&#1583;&#1608;&#1593;.</subfield></datafield><datafield ind1="0" ind2=" " tag="880"><subfield code="6">740-00/r</subfield><subfield code="a">&#1605;&#1580;&#1605;&#1608;&#1593; &#1601;&#1610; &#1601;&#1607;&#1585;&#1587;&#1577; &#1575;&#1604;&#1603;&#1578;&#1576;.</subfield></datafield><datafield ind1=" " ind2="0" tag="880"><subfield code="6">830-00/r</subfield><subfield code="a">&#1605;&#1606;&#1588;&#1608;&#1585;&#1575;&#1578; &#1605;&#1705;&#1578;&#1576;&#1577; &#1575;&#1604;&#1571;&#1587;&#1583;&#1610; &#1576;&#1591;&#1607;&#1585;&#1575;&#1606; &#1563; ;</subfield><subfield code="v">9.</subfield></datafield><datafield ind1=" " ind2=" " tag="959"><subfield code="a">NNU</subfield><subfield code="b">WEB</subfield><subfield code="c">GENI</subfield><subfield code="t">0</subfield><subfield code="m">Electronic access</subfield><subfield code="s">01</subfield></datafield><datafield ind1=" " ind2=" " tag="999"><subfield code="i">NNC_4199802</subfield><subfield code="o">(OCoLC)ocm22609166 </subfield><subfield code="s">columbia_aco000273</subfield><subfield code="e">(ERROR-880)</subfield></datafield></record>